@misc{ALFRESCODM,
howpublished = {Dispon√≠vel em: \url{http://www.alfresco.com/products/document-management/}},
note = {Acessado em 15/04/2012},
title = {Alfresco Document Management},
author = {Alfresco Software, Inc.}
}

